
@article{ghosh2019a,
  title = {Reshaping Inputs for Convolutional Neural Network: {{Some}} Common and Uncommon Methods},
  shorttitle = {Reshaping Inputs for Convolutional Neural Network},
  author = {Ghosh, Swarnendu and Das, Nibaran and Nasipuri, Mita},
  date = {2019-09},
  journaltitle = {Pattern Recognition},
  shortjournal = {Pattern Recognition},
  volume = {93},
  pages = {79--94},
  issn = {00313203},
  doi = {10.1016/j.patcog.2019.04.009},
  url = {https://linkinghub.elsevier.com/retrieve/pii/S0031320319301505},
  urldate = {2022-07-25},
  langid = {english}
}

@online{zotero-328,
  title = {Scrapy | {{A Fast}} and {{Powerful Scraping}} and {{Web Crawling Framework}}},
  url = {https://scrapy.org/},
  urldate = {2022-07-24},
  file = {/home/fiete/Zotero/storage/9V6T32XS/scrapy.org.html}
}


